%YAML 1.1
%TAG !u! tag:unity3d.com,2011:
--- !u!29 &1
OcclusionCullingSettings:
  m_ObjectHideFlags: 0
  serializedVersion: 2
  m_OcclusionBakeSettings:
    smallestOccluder: 5
    smallestHole: 0.25
    backfaceThreshold: 100
  m_SceneGUID: 00000000000000000000000000000000
  m_OcclusionCullingData: {fileID: 0}
--- !u!104 &2
RenderSettings:
  m_ObjectHideFlags: 0
  serializedVersion: 9
  m_Fog: 0
  m_FogColor: {r: 0.5, g: 0.5, b: 0.5, a: 1}
  m_FogMode: 3
  m_FogDensity: 0.01
  m_LinearFogStart: 0
  m_LinearFogEnd: 300
  m_AmbientSkyColor: {r: 0.212, g: 0.227, b: 0.259, a: 1}
  m_AmbientEquatorColor: {r: 0.114, g: 0.125, b: 0.133, a: 1}
  m_AmbientGroundColor: {r: 0.047, g: 0.043, b: 0.035, a: 1}
  m_AmbientIntensity: 1
  m_AmbientMode: 3
  m_SubtractiveShadowColor: {r: 0.42, g: 0.478, b: 0.627, a: 1}
  m_SkyboxMaterial: {fileID: 0}
  m_HaloStrength: 0.5
  m_FlareStrength: 1
  m_FlareFadeSpeed: 3
  m_HaloTexture: {fileID: 0}
  m_SpotCookie: {fileID: 10001, guid: 0000000000000000e000000000000000, type: 0}
  m_DefaultReflectionMode: 0
  m_DefaultReflectionResolution: 128
  m_ReflectionBounces: 1
  m_ReflectionIntensity: 1
  m_CustomReflection: {fileID: 0}
  m_Sun: {fileID: 0}
  m_IndirectSpecularColor: {r: 0, g: 0, b: 0, a: 1}
  m_UseRadianceAmbientProbe: 0
--- !u!157 &3
LightmapSettings:
  m_ObjectHideFlags: 0
  serializedVersion: 12
  m_GIWorkflowMode: 1
  m_GISettings:
    serializedVersion: 2
    m_BounceScale: 1
    m_IndirectOutputScale: 1
    m_AlbedoBoost: 1
    m_EnvironmentLightingMode: 0
    m_EnableBakedLightmaps: 0
    m_EnableRealtimeLightmaps: 0
  m_LightmapEditorSettings:
    serializedVersion: 12
    m_Resolution: 2
    m_BakeResolution: 40
    m_AtlasSize: 1024
    m_AO: 0
    m_AOMaxDistance: 1
    m_CompAOExponent: 1
    m_CompAOExponentDirect: 0
    m_ExtractAmbientOcclusion: 0
    m_Padding: 2
    m_LightmapParameters: {fileID: 0}
    m_LightmapsBakeMode: 1
    m_TextureCompression: 1
    m_FinalGather: 0
    m_FinalGatherFiltering: 1
    m_FinalGatherRayCount: 256
    m_ReflectionCompression: 2
    m_MixedBakeMode: 2
    m_BakeBackend: 1
    m_PVRSampling: 1
    m_PVRDirectSampleCount: 32
    m_PVRSampleCount: 512
    m_PVRBounces: 2
    m_PVREnvironmentSampleCount: 256
    m_PVREnvironmentReferencePointCount: 2048
    m_PVRFilteringMode: 1
    m_PVRDenoiserTypeDirect: 1
    m_PVRDenoiserTypeIndirect: 1
    m_PVRDenoiserTypeAO: 1
    m_PVRFilterTypeDirect: 0
    m_PVRFilterTypeIndirect: 0
    m_PVRFilterTypeAO: 0
    m_PVREnvironmentMIS: 1
    m_PVRCulling: 1
    m_PVRFilteringGaussRadiusDirect: 1
    m_PVRFilteringGaussRadiusIndirect: 5
    m_PVRFilteringGaussRadiusAO: 2
    m_PVRFilteringAtrousPositionSigmaDirect: 0.5
    m_PVRFilteringAtrousPositionSigmaIndirect: 2
    m_PVRFilteringAtrousPositionSigmaAO: 1
    m_ExportTrainingData: 0
    m_TrainingDataDestination: TrainingData
    m_LightProbeSampleCountMultiplier: 4
  m_LightingDataAsset: {fileID: 0}
  m_LightingSettings: {fileID: 0}
--- !u!196 &4
NavMeshSettings:
  serializedVersion: 2
  m_ObjectHideFlags: 0
  m_BuildSettings:
    serializedVersion: 2
    agentTypeID: 0
    agentRadius: 0.5
    agentHeight: 2
    agentSlope: 45
    agentClimb: 0.4
    ledgeDropHeight: 0
    maxJumpAcrossDistance: 0
    minRegionArea: 2
    manualCellSize: 0
    cellSize: 0.16666667
    manualTileSize: 0
    tileSize: 256
    accuratePlacement: 0
    maxJobWorkers: 0
    preserveTilesOutsideBounds: 0
    debug:
      m_Flags: 0
  m_NavMeshData: {fileID: 0}
--- !u!4 &98809211 stripped
Transform:
  m_CorrespondingSourceObject: {fileID: 7812571783657054228, guid: f9d0d583e6ac6664b98bbb55094ef7ce, type: 3}
  m_PrefabInstance: {fileID: 922229649}
  m_PrefabAsset: {fileID: 0}
--- !u!1001 &102555520
PrefabInstance:
  m_ObjectHideFlags: 0
  serializedVersion: 2
  m_Modification:
    m_TransformParent: {fileID: 237376514}
    m_Modifications:
    - target: {fileID: 7812571783657054217, guid: f9d0d583e6ac6664b98bbb55094ef7ce, type: 3}
      propertyPath: m_Name
      value: Ground (1)
      objectReference: {fileID: 0}
    - target: {fileID: 7812571783657054228, guid: f9d0d583e6ac6664b98bbb55094ef7ce, type: 3}
      propertyPath: m_RootOrder
      value: 3
      objectReference: {fileID: 0}
    - target: {fileID: 7812571783657054228, guid: f9d0d583e6ac6664b98bbb55094ef7ce, type: 3}
      propertyPath: m_LocalScale.x
      value: 1
      objectReference: {fileID: 0}
    - target: {fileID: 7812571783657054228, guid: f9d0d583e6ac6664b98bbb55094ef7ce, type: 3}
      propertyPath: m_LocalPosition.x
      value: 2.5
      objectReference: {fileID: 0}
    - target: {fileID: 7812571783657054228, guid: f9d0d583e6ac6664b98bbb55094ef7ce, type: 3}
      propertyPath: m_LocalPosition.y
      value: -0.5
      objectReference: {fileID: 0}
    - target: {fileID: 7812571783657054228, guid: f9d0d583e6ac6664b98bbb55094ef7ce, type: 3}
      propertyPath: m_LocalPosition.z
      value: 0
      objectReference: {fileID: 0}
    - target: {fileID: 7812571783657054228, guid: f9d0d583e6ac6664b98bbb55094ef7ce, type: 3}
      propertyPath: m_LocalRotation.w
      value: 1
      objectReference: {fileID: 0}
    - target: {fileID: 7812571783657054228, guid: f9d0d583e6ac6664b98bbb55094ef7ce, type: 3}
      propertyPath: m_LocalRotation.x
      value: -0
      objectReference: {fileID: 0}
    - target: {fileID: 7812571783657054228, guid: f9d0d583e6ac6664b98bbb55094ef7ce, type: 3}
      propertyPath: m_LocalRotation.y
      value: -0
      objectReference: {fileID: 0}
    - target: {fileID: 7812571783657054228, guid: f9d0d583e6ac6664b98bbb55094ef7ce, type: 3}
      propertyPath: m_LocalRotation.z
      value: -0
      objectReference: {fileID: 0}
    - target: {fileID: 7812571783657054228, guid: f9d0d583e6ac6664b98bbb55094ef7ce, type: 3}
      propertyPath: m_LocalEulerAnglesHint.x
      value: 0
      objectReference: {fileID: 0}
    - target: {fileID: 7812571783657054228, guid: f9d0d583e6ac6664b98bbb55094ef7ce, type: 3}
      propertyPath: m_LocalEulerAnglesHint.y
      value: 0
      objectReference: {fileID: 0}
    - target: {fileID: 7812571783657054228, guid: f9d0d583e6ac6664b98bbb55094ef7ce, type: 3}
      propertyPath: m_LocalEulerAnglesHint.z
      value: 0
      objectReference: {fileID: 0}
    m_RemovedComponents: []
  m_SourcePrefab: {fileID: 100100000, guid: f9d0d583e6ac6664b98bbb55094ef7ce, type: 3}
--- !u!1001 &184759360
PrefabInstance:
  m_ObjectHideFlags: 0
  serializedVersion: 2
  m_Modification:
    m_TransformParent: {fileID: 0}
    m_Modifications:
    - target: {fileID: 7812571783657054217, guid: f9d0d583e6ac6664b98bbb55094ef7ce, type: 3}
      propertyPath: m_Name
      value: Ground (1)
      objectReference: {fileID: 0}
    - target: {fileID: 7812571783657054228, guid: f9d0d583e6ac6664b98bbb55094ef7ce, type: 3}
      propertyPath: m_RootOrder
      value: 5
      objectReference: {fileID: 0}
    - target: {fileID: 7812571783657054228, guid: f9d0d583e6ac6664b98bbb55094ef7ce, type: 3}
      propertyPath: m_LocalScale.x
      value: 15
      objectReference: {fileID: 0}
    - target: {fileID: 7812571783657054228, guid: f9d0d583e6ac6664b98bbb55094ef7ce, type: 3}
      propertyPath: m_LocalPosition.x
      value: 7
      objectReference: {fileID: 0}
    - target: {fileID: 7812571783657054228, guid: f9d0d583e6ac6664b98bbb55094ef7ce, type: 3}
      propertyPath: m_LocalPosition.y
      value: -1
      objectReference: {fileID: 0}
    - target: {fileID: 7812571783657054228, guid: f9d0d583e6ac6664b98bbb55094ef7ce, type: 3}
      propertyPath: m_LocalPosition.z
      value: 0
      objectReference: {fileID: 0}
    - target: {fileID: 7812571783657054228, guid: f9d0d583e6ac6664b98bbb55094ef7ce, type: 3}
      propertyPath: m_LocalRotation.w
      value: 1
      objectReference: {fileID: 0}
    - target: {fileID: 7812571783657054228, guid: f9d0d583e6ac6664b98bbb55094ef7ce, type: 3}
      propertyPath: m_LocalRotation.x
      value: 0
      objectReference: {fileID: 0}
    - target: {fileID: 7812571783657054228, guid: f9d0d583e6ac6664b98bbb55094ef7ce, type: 3}
      propertyPath: m_LocalRotation.y
      value: 0
      objectReference: {fileID: 0}
    - target: {fileID: 7812571783657054228, guid: f9d0d583e6ac6664b98bbb55094ef7ce, type: 3}
      propertyPath: m_LocalRotation.z
      value: 0
      objectReference: {fileID: 0}
    - target: {fileID: 7812571783657054228, guid: f9d0d583e6ac6664b98bbb55094ef7ce, type: 3}
      propertyPath: m_LocalEulerAnglesHint.x
      value: 0
      objectReference: {fileID: 0}
    - target: {fileID: 7812571783657054228, guid: f9d0d583e6ac6664b98bbb55094ef7ce, type: 3}
      propertyPath: m_LocalEulerAnglesHint.y
      value: 0
      objectReference: {fileID: 0}
    - target: {fileID: 7812571783657054228, guid: f9d0d583e6ac6664b98bbb55094ef7ce, type: 3}
      propertyPath: m_LocalEulerAnglesHint.z
      value: 0
      objectReference: {fileID: 0}
    m_RemovedComponents: []
  m_SourcePrefab: {fileID: 100100000, guid: f9d0d583e6ac6664b98bbb55094ef7ce, type: 3}
--- !u!1 &237376513
GameObject:
  m_ObjectHideFlags: 0
  m_CorrespondingSourceObject: {fileID: 0}
  m_PrefabInstance: {fileID: 0}
  m_PrefabAsset: {fileID: 0}
  serializedVersion: 6
  m_Component:
  - component: {fileID: 237376514}
  m_Layer: 0
  m_Name: LlamaLevel
  m_TagString: Untagged
  m_Icon: {fileID: 0}
  m_NavMeshLayer: 0
  m_StaticEditorFlags: 0
  m_IsActive: 1
--- !u!4 &237376514
Transform:
  m_ObjectHideFlags: 0
  m_CorrespondingSourceObject: {fileID: 0}
  m_PrefabInstance: {fileID: 0}
  m_PrefabAsset: {fileID: 0}
  m_GameObject: {fileID: 237376513}
  m_LocalRotation: {x: 0, y: 0, z: 0, w: 1}
  m_LocalPosition: {x: 21.48, y: 0, z: 0}
  m_LocalScale: {x: 1, y: 1, z: 1}
  m_ConstrainProportionsScale: 0
  m_Children:
  - {fileID: 1751148670}
  - {fileID: 1719165385}
  - {fileID: 247478726}
  - {fileID: 597656522}
  m_Father: {fileID: 0}
  m_RootOrder: 3
  m_LocalEulerAnglesHint: {x: 0, y: 0, z: 0}
--- !u!4 &247478726 stripped
Transform:
  m_CorrespondingSourceObject: {fileID: 7771482791663957238, guid: 474c821e13e1ab54dbd4dfd25d2b5f66, type: 3}
  m_PrefabInstance: {fileID: 7771482792552969635}
  m_PrefabAsset: {fileID: 0}
--- !u!1001 &268511131
PrefabInstance:
  m_ObjectHideFlags: 0
  serializedVersion: 2
  m_Modification:
    m_TransformParent: {fileID: 0}
    m_Modifications:
    - target: {fileID: -8653719598885068355, guid: 5767d2095fd5f3047b6a1f86a3d643f8, type: 3}
      propertyPath: m_Name
      value: backgrounds
      objectReference: {fileID: 0}
    - target: {fileID: -8078847899713035290, guid: 5767d2095fd5f3047b6a1f86a3d643f8, type: 3}
      propertyPath: m_LocalPosition.z
      value: 25
      objectReference: {fileID: 0}
    - target: {fileID: -7836413112398842417, guid: 5767d2095fd5f3047b6a1f86a3d643f8, type: 3}
      propertyPath: m_LocalPosition.z
      value: 10
      objectReference: {fileID: 0}
    - target: {fileID: -7552582706839291426, guid: 5767d2095fd5f3047b6a1f86a3d643f8, type: 3}
      propertyPath: m_RootOrder
      value: 6
      objectReference: {fileID: 0}
    - target: {fileID: -7552582706839291426, guid: 5767d2095fd5f3047b6a1f86a3d643f8, type: 3}
      propertyPath: m_LocalPosition.x
      value: -5.11
      objectReference: {fileID: 0}
    - target: {fileID: -7552582706839291426, guid: 5767d2095fd5f3047b6a1f86a3d643f8, type: 3}
      propertyPath: m_LocalPosition.y
      value: -7.72
      objectReference: {fileID: 0}
    - target: {fileID: -7552582706839291426, guid: 5767d2095fd5f3047b6a1f86a3d643f8, type: 3}
      propertyPath: m_LocalPosition.z
      value: 0
      objectReference: {fileID: 0}
    - target: {fileID: -7552582706839291426, guid: 5767d2095fd5f3047b6a1f86a3d643f8, type: 3}
      propertyPath: m_LocalRotation.w
      value: 1
      objectReference: {fileID: 0}
    - target: {fileID: -7552582706839291426, guid: 5767d2095fd5f3047b6a1f86a3d643f8, type: 3}
      propertyPath: m_LocalRotation.x
      value: 0
      objectReference: {fileID: 0}
    - target: {fileID: -7552582706839291426, guid: 5767d2095fd5f3047b6a1f86a3d643f8, type: 3}
      propertyPath: m_LocalRotation.y
      value: 0
      objectReference: {fileID: 0}
    - target: {fileID: -7552582706839291426, guid: 5767d2095fd5f3047b6a1f86a3d643f8, type: 3}
      propertyPath: m_LocalRotation.z
      value: 0
      objectReference: {fileID: 0}
    - target: {fileID: -7552582706839291426, guid: 5767d2095fd5f3047b6a1f86a3d643f8, type: 3}
      propertyPath: m_LocalEulerAnglesHint.x
      value: 0
      objectReference: {fileID: 0}
    - target: {fileID: -7552582706839291426, guid: 5767d2095fd5f3047b6a1f86a3d643f8, type: 3}
      propertyPath: m_LocalEulerAnglesHint.y
      value: 0
      objectReference: {fileID: 0}
    - target: {fileID: -7552582706839291426, guid: 5767d2095fd5f3047b6a1f86a3d643f8, type: 3}
      propertyPath: m_LocalEulerAnglesHint.z
      value: 0
      objectReference: {fileID: 0}
    - target: {fileID: -5133895480384492392, guid: 5767d2095fd5f3047b6a1f86a3d643f8, type: 3}
      propertyPath: m_LocalPosition.z
      value: 100
      objectReference: {fileID: 0}
    - target: {fileID: -1290079913423108808, guid: 5767d2095fd5f3047b6a1f86a3d643f8, type: 3}
      propertyPath: m_LocalPosition.z
      value: 120
      objectReference: {fileID: 0}
    - target: {fileID: -994874588223410709, guid: 5767d2095fd5f3047b6a1f86a3d643f8, type: 3}
      propertyPath: m_LocalPosition.z
      value: 50
      objectReference: {fileID: 0}
    m_RemovedComponents: []
  m_SourcePrefab: {fileID: 4843985084834002234, guid: 5767d2095fd5f3047b6a1f86a3d643f8, type: 3}
--- !u!1 &301151051
GameObject:
  m_ObjectHideFlags: 0
  m_CorrespondingSourceObject: {fileID: 0}
  m_PrefabInstance: {fileID: 0}
  m_PrefabAsset: {fileID: 0}
  serializedVersion: 6
  m_Component:
  - component: {fileID: 301151053}
  - component: {fileID: 301151052}
  m_Layer: 0
  m_Name: CM vcam1
  m_TagString: Untagged
  m_Icon: {fileID: 0}
  m_NavMeshLayer: 0
  m_StaticEditorFlags: 0
  m_IsActive: 1
--- !u!114 &301151052
MonoBehaviour:
  m_ObjectHideFlags: 0
  m_CorrespondingSourceObject: {fileID: 0}
  m_PrefabInstance: {fileID: 0}
  m_PrefabAsset: {fileID: 0}
  m_GameObject: {fileID: 301151051}
  m_Enabled: 1
  m_EditorHideFlags: 0
  m_Script: {fileID: 11500000, guid: 45e653bab7fb20e499bda25e1b646fea, type: 3}
  m_Name: 
  m_EditorClassIdentifier: 
  m_ExcludedPropertiesInInspector:
  - m_Script
  m_LockStageInInspector: 
  m_StreamingVersion: 20170927
  m_Priority: 10
  m_StandbyUpdate: 2
  m_LookAt: {fileID: 0}
  m_Follow: {fileID: 1315954935}
  m_Lens:
    FieldOfView: 60
    OrthographicSize: 8
    NearClipPlane: 0.3
    FarClipPlane: 1000
    Dutch: 0
    ModeOverride: 0
    LensShift: {x: 0, y: 0}
    GateFit: 2
    m_SensorSize: {x: 1.3333334, y: 1}
  m_Transitions:
    m_BlendHint: 0
    m_InheritPosition: 0
    m_OnCameraLive:
      m_PersistentCalls:
        m_Calls: []
  m_LegacyBlendHint: 0
  m_ComponentOwner: {fileID: 806199533}
--- !u!4 &301151053
Transform:
  m_ObjectHideFlags: 0
  m_CorrespondingSourceObject: {fileID: 0}
  m_PrefabInstance: {fileID: 0}
  m_PrefabAsset: {fileID: 0}
  m_GameObject: {fileID: 301151051}
  m_LocalRotation: {x: 0, y: 0, z: 0, w: 1}
  m_LocalPosition: {x: 4.73, y: 0.8, z: -10}
  m_LocalScale: {x: 1, y: 1, z: 1}
  m_ConstrainProportionsScale: 0
  m_Children:
  - {fileID: 806199533}
  m_Father: {fileID: 0}
  m_RootOrder: 7
  m_LocalEulerAnglesHint: {x: 0, y: 0, z: 0}
--- !u!1001 &331405012
PrefabInstance:
  m_ObjectHideFlags: 0
  serializedVersion: 2
  m_Modification:
    m_TransformParent: {fileID: 650685184}
    m_Modifications:
    - target: {fileID: 7411478965533082129, guid: a3854cd74b77f87408f951cf23ce2ece, type: 3}
      propertyPath: m_RootOrder
      value: 1
      objectReference: {fileID: 0}
    - target: {fileID: 7411478965533082129, guid: a3854cd74b77f87408f951cf23ce2ece, type: 3}
      propertyPath: m_LocalPosition.x
      value: 4.5
      objectReference: {fileID: 0}
    - target: {fileID: 7411478965533082129, guid: a3854cd74b77f87408f951cf23ce2ece, type: 3}
      propertyPath: m_LocalPosition.y
      value: -0.411
      objectReference: {fileID: 0}
    - target: {fileID: 7411478965533082129, guid: a3854cd74b77f87408f951cf23ce2ece, type: 3}
      propertyPath: m_LocalPosition.z
      value: 0
      objectReference: {fileID: 0}
    - target: {fileID: 7411478965533082129, guid: a3854cd74b77f87408f951cf23ce2ece, type: 3}
      propertyPath: m_LocalRotation.w
      value: 1
      objectReference: {fileID: 0}
    - target: {fileID: 7411478965533082129, guid: a3854cd74b77f87408f951cf23ce2ece, type: 3}
      propertyPath: m_LocalRotation.x
      value: -0
      objectReference: {fileID: 0}
    - target: {fileID: 7411478965533082129, guid: a3854cd74b77f87408f951cf23ce2ece, type: 3}
      propertyPath: m_LocalRotation.y
      value: -0
      objectReference: {fileID: 0}
    - target: {fileID: 7411478965533082129, guid: a3854cd74b77f87408f951cf23ce2ece, type: 3}
      propertyPath: m_LocalRotation.z
      value: -0
      objectReference: {fileID: 0}
    - target: {fileID: 7411478965533082129, guid: a3854cd74b77f87408f951cf23ce2ece, type: 3}
      propertyPath: m_LocalEulerAnglesHint.x
      value: 0
      objectReference: {fileID: 0}
    - target: {fileID: 7411478965533082129, guid: a3854cd74b77f87408f951cf23ce2ece, type: 3}
      propertyPath: m_LocalEulerAnglesHint.y
      value: 0
      objectReference: {fileID: 0}
    - target: {fileID: 7411478965533082129, guid: a3854cd74b77f87408f951cf23ce2ece, type: 3}
      propertyPath: m_LocalEulerAnglesHint.z
      value: 0
      objectReference: {fileID: 0}
    - target: {fileID: 7411478965533082130, guid: a3854cd74b77f87408f951cf23ce2ece, type: 3}
      propertyPath: m_Name
      value: Llama
      objectReference: {fileID: 0}
    m_RemovedComponents: []
  m_SourcePrefab: {fileID: 100100000, guid: a3854cd74b77f87408f951cf23ce2ece, type: 3}
--- !u!1 &449841410 stripped
GameObject:
  m_CorrespondingSourceObject: {fileID: 558580837604631819, guid: 5767d2095fd5f3047b6a1f86a3d643f8, type: 3}
  m_PrefabInstance: {fileID: 268511131}
  m_PrefabAsset: {fileID: 0}
--- !u!1001 &532923384
PrefabInstance:
  m_ObjectHideFlags: 0
  serializedVersion: 2
  m_Modification:
    m_TransformParent: {fileID: 650685184}
    m_Modifications:
    - target: {fileID: 7771482791663957238, guid: 474c821e13e1ab54dbd4dfd25d2b5f66, type: 3}
      propertyPath: m_RootOrder
      value: 2
      objectReference: {fileID: 0}
    - target: {fileID: 7771482791663957238, guid: 474c821e13e1ab54dbd4dfd25d2b5f66, type: 3}
      propertyPath: m_LocalPosition.x
      value: 5.5
      objectReference: {fileID: 0}
    - target: {fileID: 7771482791663957238, guid: 474c821e13e1ab54dbd4dfd25d2b5f66, type: 3}
      propertyPath: m_LocalPosition.y
      value: 0
      objectReference: {fileID: 0}
    - target: {fileID: 7771482791663957238, guid: 474c821e13e1ab54dbd4dfd25d2b5f66, type: 3}
      propertyPath: m_LocalPosition.z
      value: 0
      objectReference: {fileID: 0}
    - target: {fileID: 7771482791663957238, guid: 474c821e13e1ab54dbd4dfd25d2b5f66, type: 3}
      propertyPath: m_LocalRotation.w
      value: 1
      objectReference: {fileID: 0}
    - target: {fileID: 7771482791663957238, guid: 474c821e13e1ab54dbd4dfd25d2b5f66, type: 3}
      propertyPath: m_LocalRotation.x
      value: -0
      objectReference: {fileID: 0}
    - target: {fileID: 7771482791663957238, guid: 474c821e13e1ab54dbd4dfd25d2b5f66, type: 3}
      propertyPath: m_LocalRotation.y
      value: -0
      objectReference: {fileID: 0}
    - target: {fileID: 7771482791663957238, guid: 474c821e13e1ab54dbd4dfd25d2b5f66, type: 3}
      propertyPath: m_LocalRotation.z
      value: -0
      objectReference: {fileID: 0}
    - target: {fileID: 7771482791663957238, guid: 474c821e13e1ab54dbd4dfd25d2b5f66, type: 3}
      propertyPath: m_LocalEulerAnglesHint.x
      value: 0
      objectReference: {fileID: 0}
    - target: {fileID: 7771482791663957238, guid: 474c821e13e1ab54dbd4dfd25d2b5f66, type: 3}
      propertyPath: m_LocalEulerAnglesHint.y
      value: 0
      objectReference: {fileID: 0}
    - target: {fileID: 7771482791663957238, guid: 474c821e13e1ab54dbd4dfd25d2b5f66, type: 3}
      propertyPath: m_LocalEulerAnglesHint.z
      value: 0
      objectReference: {fileID: 0}
    - target: {fileID: 7771482791663957239, guid: 474c821e13e1ab54dbd4dfd25d2b5f66, type: 3}
      propertyPath: m_Name
      value: Stable (1)
      objectReference: {fileID: 0}
    m_RemovedComponents: []
  m_SourcePrefab: {fileID: 100100000, guid: 474c821e13e1ab54dbd4dfd25d2b5f66, type: 3}
--- !u!1 &572899395
GameObject:
  m_ObjectHideFlags: 0
  m_CorrespondingSourceObject: {fileID: 0}
  m_PrefabInstance: {fileID: 0}
  m_PrefabAsset: {fileID: 0}
  serializedVersion: 6
  m_Component:
  - component: {fileID: 572899398}
  - component: {fileID: 572899397}
  - component: {fileID: 572899396}
  - component: {fileID: 572899400}
  - component: {fileID: 572899401}
  m_Layer: 0
  m_Name: Main Camera
  m_TagString: MainCamera
  m_Icon: {fileID: 0}
  m_NavMeshLayer: 0
  m_StaticEditorFlags: 0
  m_IsActive: 1
--- !u!81 &572899396
AudioListener:
  m_ObjectHideFlags: 0
  m_CorrespondingSourceObject: {fileID: 0}
  m_PrefabInstance: {fileID: 0}
  m_PrefabAsset: {fileID: 0}
  m_GameObject: {fileID: 572899395}
  m_Enabled: 1
--- !u!20 &572899397
Camera:
  m_ObjectHideFlags: 0
  m_CorrespondingSourceObject: {fileID: 0}
  m_PrefabInstance: {fileID: 0}
  m_PrefabAsset: {fileID: 0}
  m_GameObject: {fileID: 572899395}
  m_Enabled: 1
  serializedVersion: 2
  m_ClearFlags: 2
  m_BackGroundColor: {r: 0.13333334, g: 0.7624643, b: 0.90588236, a: 1}
  m_projectionMatrixMode: 1
  m_GateFitMode: 2
  m_FOVAxisMode: 0
  m_SensorSize: {x: 36, y: 24}
  m_LensShift: {x: 0, y: 0}
  m_FocalLength: 50
  m_NormalizedViewPortRect:
    serializedVersion: 2
    x: 0
    y: 0
    width: 1
    height: 1
  near clip plane: 0.3
  far clip plane: 1000
  field of view: 60
  orthographic: 1
  orthographic size: 8
  m_Depth: -1
  m_CullingMask:
    serializedVersion: 2
    m_Bits: 4294967295
  m_RenderingPath: -1
  m_TargetTexture: {fileID: 0}
  m_TargetDisplay: 0
  m_TargetEye: 3
  m_HDR: 1
  m_AllowMSAA: 1
  m_AllowDynamicResolution: 0
  m_ForceIntoRT: 0
  m_OcclusionCulling: 1
  m_StereoConvergence: 10
  m_StereoSeparation: 0.022
--- !u!4 &572899398
Transform:
  m_ObjectHideFlags: 0
  m_CorrespondingSourceObject: {fileID: 0}
  m_PrefabInstance: {fileID: 0}
  m_PrefabAsset: {fileID: 0}
  m_GameObject: {fileID: 572899395}
  m_LocalRotation: {x: 0, y: 0, z: 0, w: 1}
  m_LocalPosition: {x: 4.73, y: 0.8, z: -10}
  m_LocalScale: {x: 1, y: 1, z: 1}
  m_ConstrainProportionsScale: 0
  m_Children: []
  m_Father: {fileID: 0}
  m_RootOrder: 0
  m_LocalEulerAnglesHint: {x: 0, y: 0, z: 0}
--- !u!114 &572899400
MonoBehaviour:
  m_ObjectHideFlags: 0
  m_CorrespondingSourceObject: {fileID: 0}
  m_PrefabInstance: {fileID: 0}
  m_PrefabAsset: {fileID: 0}
  m_GameObject: {fileID: 572899395}
  m_Enabled: 1
  m_EditorHideFlags: 0
  m_Script: {fileID: 11500000, guid: a95f9697a600e9844bf239cd187ae1fe, type: 3}
  m_Name: 
  m_EditorClassIdentifier: 
  levels:
  - {fileID: 918906828}
  - {fileID: 1343720122}
  - {fileID: 449841410}
  - {fileID: 810368238}
  - {fileID: 1495430639}
  choke: 0.01
--- !u!114 &572899401
MonoBehaviour:
  m_ObjectHideFlags: 0
  m_CorrespondingSourceObject: {fileID: 0}
  m_PrefabInstance: {fileID: 0}
  m_PrefabAsset: {fileID: 0}
  m_GameObject: {fileID: 572899395}
  m_Enabled: 1
  m_EditorHideFlags: 0
  m_Script: {fileID: 11500000, guid: 72ece51f2901e7445ab60da3685d6b5f, type: 3}
  m_Name: 
  m_EditorClassIdentifier: 
  m_ShowDebugText: 0
  m_ShowCameraFrustum: 1
  m_IgnoreTimeScale: 0
  m_WorldUpOverride: {fileID: 0}
  m_UpdateMethod: 2
  m_BlendUpdateMethod: 1
  m_DefaultBlend:
    m_Style: 1
    m_Time: 2
    m_CustomCurve:
      serializedVersion: 2
      m_Curve: []
      m_PreInfinity: 2
      m_PostInfinity: 2
      m_RotationOrder: 4
  m_CustomBlends: {fileID: 0}
  m_CameraCutEvent:
    m_PersistentCalls:
      m_Calls: []
  m_CameraActivatedEvent:
    m_PersistentCalls:
      m_Calls: []
--- !u!4 &597656522 stripped
Transform:
  m_CorrespondingSourceObject: {fileID: 7812571783657054228, guid: f9d0d583e6ac6664b98bbb55094ef7ce, type: 3}
  m_PrefabInstance: {fileID: 102555520}
  m_PrefabAsset: {fileID: 0}
--- !u!1001 &622335912
PrefabInstance:
  m_ObjectHideFlags: 0
  serializedVersion: 2
  m_Modification:
    m_TransformParent: {fileID: 0}
    m_Modifications:
    - target: {fileID: 7812571783657054217, guid: f9d0d583e6ac6664b98bbb55094ef7ce, type: 3}
      propertyPath: m_Name
      value: Ground1x1
      objectReference: {fileID: 0}
    - target: {fileID: 7812571783657054228, guid: f9d0d583e6ac6664b98bbb55094ef7ce, type: 3}
      propertyPath: m_RootOrder
      value: 8
      objectReference: {fileID: 0}
    - target: {fileID: 7812571783657054228, guid: f9d0d583e6ac6664b98bbb55094ef7ce, type: 3}
      propertyPath: m_LocalScale.y
      value: 10
      objectReference: {fileID: 0}
    - target: {fileID: 7812571783657054228, guid: f9d0d583e6ac6664b98bbb55094ef7ce, type: 3}
      propertyPath: m_LocalPosition.x
      value: 0
      objectReference: {fileID: 0}
    - target: {fileID: 7812571783657054228, guid: f9d0d583e6ac6664b98bbb55094ef7ce, type: 3}
      propertyPath: m_LocalPosition.y
      value: 4.5
      objectReference: {fileID: 0}
    - target: {fileID: 7812571783657054228, guid: f9d0d583e6ac6664b98bbb55094ef7ce, type: 3}
      propertyPath: m_LocalPosition.z
      value: 0
      objectReference: {fileID: 0}
    - target: {fileID: 7812571783657054228, guid: f9d0d583e6ac6664b98bbb55094ef7ce, type: 3}
      propertyPath: m_LocalRotation.w
      value: 1
      objectReference: {fileID: 0}
    - target: {fileID: 7812571783657054228, guid: f9d0d583e6ac6664b98bbb55094ef7ce, type: 3}
      propertyPath: m_LocalRotation.x
      value: 0
      objectReference: {fileID: 0}
    - target: {fileID: 7812571783657054228, guid: f9d0d583e6ac6664b98bbb55094ef7ce, type: 3}
      propertyPath: m_LocalRotation.y
      value: 0
      objectReference: {fileID: 0}
    - target: {fileID: 7812571783657054228, guid: f9d0d583e6ac6664b98bbb55094ef7ce, type: 3}
      propertyPath: m_LocalRotation.z
      value: 0
      objectReference: {fileID: 0}
    - target: {fileID: 7812571783657054228, guid: f9d0d583e6ac6664b98bbb55094ef7ce, type: 3}
      propertyPath: m_LocalEulerAnglesHint.x
      value: 0
      objectReference: {fileID: 0}
    - target: {fileID: 7812571783657054228, guid: f9d0d583e6ac6664b98bbb55094ef7ce, type: 3}
      propertyPath: m_LocalEulerAnglesHint.y
      value: 0
      objectReference: {fileID: 0}
    - target: {fileID: 7812571783657054228, guid: f9d0d583e6ac6664b98bbb55094ef7ce, type: 3}
      propertyPath: m_LocalEulerAnglesHint.z
      value: 0
      objectReference: {fileID: 0}
    m_RemovedComponents: []
  m_SourcePrefab: {fileID: 100100000, guid: f9d0d583e6ac6664b98bbb55094ef7ce, type: 3}
--- !u!1 &650685183
GameObject:
  m_ObjectHideFlags: 0
  m_CorrespondingSourceObject: {fileID: 0}
  m_PrefabInstance: {fileID: 0}
  m_PrefabAsset: {fileID: 0}
  serializedVersion: 6
  m_Component:
  - component: {fileID: 650685184}
  m_Layer: 0
  m_Name: LlamaLevel
  m_TagString: Untagged
  m_Icon: {fileID: 0}
  m_NavMeshLayer: 0
  m_StaticEditorFlags: 0
  m_IsActive: 1
--- !u!4 &650685184
Transform:
  m_ObjectHideFlags: 0
  m_CorrespondingSourceObject: {fileID: 0}
  m_PrefabInstance: {fileID: 0}
  m_PrefabAsset: {fileID: 0}
  m_GameObject: {fileID: 650685183}
  m_LocalRotation: {x: 0, y: 0, z: 0, w: 1}
  m_LocalPosition: {x: 15.48, y: 2, z: 0}
  m_LocalScale: {x: 1, y: 1, z: 1}
  m_ConstrainProportionsScale: 0
  m_Children:
  - {fileID: 98809211}
  - {fileID: 1962634523}
  - {fileID: 1974737756}
  m_Father: {fileID: 0}
  m_RootOrder: 2
  m_LocalEulerAnglesHint: {x: 0, y: 0, z: 0}
--- !u!1 &806199532
GameObject:
  m_ObjectHideFlags: 3
  m_CorrespondingSourceObject: {fileID: 0}
  m_PrefabInstance: {fileID: 0}
  m_PrefabAsset: {fileID: 0}
  serializedVersion: 6
  m_Component:
  - component: {fileID: 806199533}
  - component: {fileID: 806199535}
  - component: {fileID: 806199534}
  m_Layer: 0
  m_Name: cm
  m_TagString: Untagged
  m_Icon: {fileID: 0}
  m_NavMeshLayer: 0
  m_StaticEditorFlags: 0
  m_IsActive: 1
--- !u!4 &806199533
Transform:
  m_ObjectHideFlags: 3
  m_CorrespondingSourceObject: {fileID: 0}
  m_PrefabInstance: {fileID: 0}
  m_PrefabAsset: {fileID: 0}
  m_GameObject: {fileID: 806199532}
  m_LocalRotation: {x: -0, y: -0, z: -0, w: 1}
  m_LocalPosition: {x: -4.73, y: -0.8, z: 40}
  m_LocalScale: {x: 1, y: 1, z: 1}
  m_ConstrainProportionsScale: 0
  m_Children: []
  m_Father: {fileID: 301151053}
  m_RootOrder: 0
  m_LocalEulerAnglesHint: {x: 0, y: 0, z: 0}
--- !u!114 &806199534
MonoBehaviour:
  m_ObjectHideFlags: 3
  m_CorrespondingSourceObject: {fileID: 0}
  m_PrefabInstance: {fileID: 0}
  m_PrefabAsset: {fileID: 0}
  m_GameObject: {fileID: 806199532}
  m_Enabled: 1
  m_EditorHideFlags: 0
  m_Script: {fileID: 11500000, guid: 6ad980451443d70438faac0bc6c235a0, type: 3}
  m_Name: 
  m_EditorClassIdentifier: 
  m_TrackedObjectOffset: {x: 0, y: 0, z: 0}
  m_LookaheadTime: 0.5
  m_LookaheadSmoothing: 10
  m_LookaheadIgnoreY: 1
  m_XDamping: 1
  m_YDamping: 1
  m_ZDamping: 0
  m_TargetMovementOnly: 1
  m_ScreenX: 0.5
  m_ScreenY: 0.5
  m_CameraDistance: 10
  m_DeadZoneWidth: 0.25
  m_DeadZoneHeight: 0.93
  m_DeadZoneDepth: 0
  m_UnlimitedSoftZone: 0
  m_SoftZoneWidth: 0.49
  m_SoftZoneHeight: 2
  m_BiasX: 0
  m_BiasY: 0
  m_CenterOnActivate: 1
  m_GroupFramingMode: 2
  m_AdjustmentMode: 0
  m_GroupFramingSize: 0.8
  m_MaxDollyIn: 5000
  m_MaxDollyOut: 5000
  m_MinimumDistance: 1
  m_MaximumDistance: 5000
  m_MinimumFOV: 3
  m_MaximumFOV: 60
  m_MinimumOrthoSize: 1
  m_MaximumOrthoSize: 5000
--- !u!114 &806199535
MonoBehaviour:
  m_ObjectHideFlags: 3
  m_CorrespondingSourceObject: {fileID: 0}
  m_PrefabInstance: {fileID: 0}
  m_PrefabAsset: {fileID: 0}
  m_GameObject: {fileID: 806199532}
  m_Enabled: 1
  m_EditorHideFlags: 0
  m_Script: {fileID: 11500000, guid: ac0b09e7857660247b1477e93731de29, type: 3}
  m_Name: 
  m_EditorClassIdentifier: 
--- !u!1 &810368238 stripped
GameObject:
  m_CorrespondingSourceObject: {fileID: -7595413430563298066, guid: 5767d2095fd5f3047b6a1f86a3d643f8, type: 3}
  m_PrefabInstance: {fileID: 268511131}
  m_PrefabAsset: {fileID: 0}
--- !u!1 &918906828 stripped
GameObject:
  m_CorrespondingSourceObject: {fileID: -6900818959896083359, guid: 5767d2095fd5f3047b6a1f86a3d643f8, type: 3}
  m_PrefabInstance: {fileID: 268511131}
  m_PrefabAsset: {fileID: 0}
--- !u!1001 &922229649
PrefabInstance:
  m_ObjectHideFlags: 0
  serializedVersion: 2
  m_Modification:
    m_TransformParent: {fileID: 650685184}
    m_Modifications:
    - target: {fileID: 7812571783657054217, guid: f9d0d583e6ac6664b98bbb55094ef7ce, type: 3}
      propertyPath: m_Name
      value: Ground
      objectReference: {fileID: 0}
    - target: {fileID: 7812571783657054228, guid: f9d0d583e6ac6664b98bbb55094ef7ce, type: 3}
      propertyPath: m_RootOrder
      value: 0
      objectReference: {fileID: 0}
    - target: {fileID: 7812571783657054228, guid: f9d0d583e6ac6664b98bbb55094ef7ce, type: 3}
      propertyPath: m_LocalScale.x
      value: 8
      objectReference: {fileID: 0}
    - target: {fileID: 7812571783657054228, guid: f9d0d583e6ac6664b98bbb55094ef7ce, type: 3}
      propertyPath: m_LocalPosition.x
      value: 4
      objectReference: {fileID: 0}
    - target: {fileID: 7812571783657054228, guid: f9d0d583e6ac6664b98bbb55094ef7ce, type: 3}
      propertyPath: m_LocalPosition.y
      value: -1.5
      objectReference: {fileID: 0}
    - target: {fileID: 7812571783657054228, guid: f9d0d583e6ac6664b98bbb55094ef7ce, type: 3}
      propertyPath: m_LocalPosition.z
      value: 0
      objectReference: {fileID: 0}
    - target: {fileID: 7812571783657054228, guid: f9d0d583e6ac6664b98bbb55094ef7ce, type: 3}
      propertyPath: m_LocalRotation.w
      value: 1
      objectReference: {fileID: 0}
    - target: {fileID: 7812571783657054228, guid: f9d0d583e6ac6664b98bbb55094ef7ce, type: 3}
      propertyPath: m_LocalRotation.x
      value: -0
      objectReference: {fileID: 0}
    - target: {fileID: 7812571783657054228, guid: f9d0d583e6ac6664b98bbb55094ef7ce, type: 3}
      propertyPath: m_LocalRotation.y
      value: -0
      objectReference: {fileID: 0}
    - target: {fileID: 7812571783657054228, guid: f9d0d583e6ac6664b98bbb55094ef7ce, type: 3}
      propertyPath: m_LocalRotation.z
      value: -0
      objectReference: {fileID: 0}
    - target: {fileID: 7812571783657054228, guid: f9d0d583e6ac6664b98bbb55094ef7ce, type: 3}
      propertyPath: m_LocalEulerAnglesHint.x
      value: 0
      objectReference: {fileID: 0}
    - target: {fileID: 7812571783657054228, guid: f9d0d583e6ac6664b98bbb55094ef7ce, type: 3}
      propertyPath: m_LocalEulerAnglesHint.y
      value: 0
      objectReference: {fileID: 0}
    - target: {fileID: 7812571783657054228, guid: f9d0d583e6ac6664b98bbb55094ef7ce, type: 3}
      propertyPath: m_LocalEulerAnglesHint.z
      value: 0
      objectReference: {fileID: 0}
    m_RemovedComponents: []
  m_SourcePrefab: {fileID: 100100000, guid: f9d0d583e6ac6664b98bbb55094ef7ce, type: 3}
--- !u!1001 &1049826104
PrefabInstance:
  m_ObjectHideFlags: 0
  serializedVersion: 2
  m_Modification:
    m_TransformParent: {fileID: 237376514}
    m_Modifications:
    - target: {fileID: 7411478965533082129, guid: a3854cd74b77f87408f951cf23ce2ece, type: 3}
      propertyPath: m_RootOrder
      value: 1
      objectReference: {fileID: 0}
    - target: {fileID: 7411478965533082129, guid: a3854cd74b77f87408f951cf23ce2ece, type: 3}
      propertyPath: m_LocalPosition.x
      value: 4.5
      objectReference: {fileID: 0}
    - target: {fileID: 7411478965533082129, guid: a3854cd74b77f87408f951cf23ce2ece, type: 3}
      propertyPath: m_LocalPosition.y
      value: -0.5
      objectReference: {fileID: 0}
    - target: {fileID: 7411478965533082129, guid: a3854cd74b77f87408f951cf23ce2ece, type: 3}
      propertyPath: m_LocalPosition.z
      value: 0
      objectReference: {fileID: 0}
    - target: {fileID: 7411478965533082129, guid: a3854cd74b77f87408f951cf23ce2ece, type: 3}
      propertyPath: m_LocalRotation.w
      value: 1
      objectReference: {fileID: 0}
    - target: {fileID: 7411478965533082129, guid: a3854cd74b77f87408f951cf23ce2ece, type: 3}
      propertyPath: m_LocalRotation.x
      value: -0
      objectReference: {fileID: 0}
    - target: {fileID: 7411478965533082129, guid: a3854cd74b77f87408f951cf23ce2ece, type: 3}
      propertyPath: m_LocalRotation.y
      value: -0
      objectReference: {fileID: 0}
    - target: {fileID: 7411478965533082129, guid: a3854cd74b77f87408f951cf23ce2ece, type: 3}
      propertyPath: m_LocalRotation.z
      value: -0
      objectReference: {fileID: 0}
    - target: {fileID: 7411478965533082129, guid: a3854cd74b77f87408f951cf23ce2ece, type: 3}
      propertyPath: m_LocalEulerAnglesHint.x
      value: 0
      objectReference: {fileID: 0}
    - target: {fileID: 7411478965533082129, guid: a3854cd74b77f87408f951cf23ce2ece, type: 3}
      propertyPath: m_LocalEulerAnglesHint.y
      value: 0
      objectReference: {fileID: 0}
    - target: {fileID: 7411478965533082129, guid: a3854cd74b77f87408f951cf23ce2ece, type: 3}
      propertyPath: m_LocalEulerAnglesHint.z
      value: 0
      objectReference: {fileID: 0}
    - target: {fileID: 7411478965533082130, guid: a3854cd74b77f87408f951cf23ce2ece, type: 3}
      propertyPath: m_Name
      value: Llama (2)
      objectReference: {fileID: 0}
    m_RemovedComponents: []
  m_SourcePrefab: {fileID: 100100000, guid: a3854cd74b77f87408f951cf23ce2ece, type: 3}
--- !u!1 &1135188945 stripped
GameObject:
  m_CorrespondingSourceObject: {fileID: 2339253054713759249, guid: 5ecd0643a3e40f341992576ceabba24f, type: 3}
  m_PrefabInstance: {fileID: 416931535496643361}
  m_PrefabAsset: {fileID: 0}
--- !u!4 &1135188946 stripped
Transform:
  m_CorrespondingSourceObject: {fileID: 3938144606334885095, guid: 5ecd0643a3e40f341992576ceabba24f, type: 3}
  m_PrefabInstance: {fileID: 416931535496643361}
  m_PrefabAsset: {fileID: 0}
--- !u!111 &1135188949
Animation:
  m_ObjectHideFlags: 0
  m_CorrespondingSourceObject: {fileID: 0}
  m_PrefabInstance: {fileID: 0}
  m_PrefabAsset: {fileID: 0}
  m_GameObject: {fileID: 1135188945}
  m_Enabled: 1
  serializedVersion: 3
  m_Animation: {fileID: 0}
  m_Animations: []
  m_WrapMode: 0
  m_PlayAutomatically: 1
  m_AnimatePhysics: 0
  m_CullingType: 0
--- !u!4 &1315954935 stripped
Transform:
  m_CorrespondingSourceObject: {fileID: 1595392424069929215, guid: 64662c91de9d04a478da8acc7bbec5c7, type: 3}
  m_PrefabInstance: {fileID: 1595392423481237623}
  m_PrefabAsset: {fileID: 0}
--- !u!1 &1343720122 stripped
GameObject:
  m_CorrespondingSourceObject: {fileID: -735985239012028135, guid: 5767d2095fd5f3047b6a1f86a3d643f8, type: 3}
  m_PrefabInstance: {fileID: 268511131}
  m_PrefabAsset: {fileID: 0}
--- !u!1 &1495430639 stripped
GameObject:
  m_CorrespondingSourceObject: {fileID: -856138430712955627, guid: 5767d2095fd5f3047b6a1f86a3d643f8, type: 3}
  m_PrefabInstance: {fileID: 268511131}
  m_PrefabAsset: {fileID: 0}
--- !u!4 &1719165385 stripped
Transform:
  m_CorrespondingSourceObject: {fileID: 7411478965533082129, guid: a3854cd74b77f87408f951cf23ce2ece, type: 3}
  m_PrefabInstance: {fileID: 1049826104}
  m_PrefabAsset: {fileID: 0}
--- !u!4 &1751148670 stripped
Transform:
  m_CorrespondingSourceObject: {fileID: 7812571783657054228, guid: f9d0d583e6ac6664b98bbb55094ef7ce, type: 3}
  m_PrefabInstance: {fileID: 7812571783418055110}
  m_PrefabAsset: {fileID: 0}
--- !u!4 &1962634523 stripped
Transform:
  m_CorrespondingSourceObject: {fileID: 7411478965533082129, guid: a3854cd74b77f87408f951cf23ce2ece, type: 3}
  m_PrefabInstance: {fileID: 331405012}
  m_PrefabAsset: {fileID: 0}
--- !u!4 &1974737756 stripped
Transform:
  m_CorrespondingSourceObject: {fileID: 7771482791663957238, guid: 474c821e13e1ab54dbd4dfd25d2b5f66, type: 3}
  m_PrefabInstance: {fileID: 532923384}
  m_PrefabAsset: {fileID: 0}
--- !u!1001 &416931535496643361
PrefabInstance:
  m_ObjectHideFlags: 0
  serializedVersion: 2
  m_Modification:
    m_TransformParent: {fileID: 0}
    m_Modifications:
    - target: {fileID: 1939397821954165644, guid: 5ecd0643a3e40f341992576ceabba24f, type: 3}
      propertyPath: m_SortingOrder
      value: 1
      objectReference: {fileID: 0}
    - target: {fileID: 2623046508502234513, guid: 5ecd0643a3e40f341992576ceabba24f, type: 3}
      propertyPath: speed
      value: 1
      objectReference: {fileID: 0}
    - target: {fileID: 2623046508502234513, guid: 5ecd0643a3e40f341992576ceabba24f, type: 3}
      propertyPath: myTransform
      value: 
      objectReference: {fileID: 1135188946}
    - target: {fileID: 3237990026049399007, guid: 5ecd0643a3e40f341992576ceabba24f, type: 3}
      propertyPath: m_SortingOrder
      value: 1
      objectReference: {fileID: 0}
    - target: {fileID: 3938144606334885095, guid: 5ecd0643a3e40f341992576ceabba24f, type: 3}
      propertyPath: m_LocalPosition.x
      value: 0
      objectReference: {fileID: 0}
    - target: {fileID: 3938144606334885095, guid: 5ecd0643a3e40f341992576ceabba24f, type: 3}
      propertyPath: m_LocalPosition.y
      value: 0
      objectReference: {fileID: 0}
    - target: {fileID: 5203196590729365154, guid: 5ecd0643a3e40f341992576ceabba24f, type: 3}
      propertyPath: m_Name
      value: Kraken
      objectReference: {fileID: 0}
    - target: {fileID: 5203196590729365183, guid: 5ecd0643a3e40f341992576ceabba24f, type: 3}
      propertyPath: m_RootOrder
      value: 4
      objectReference: {fileID: 0}
    - target: {fileID: 5203196590729365183, guid: 5ecd0643a3e40f341992576ceabba24f, type: 3}
      propertyPath: m_LocalPosition.x
      value: 31.5
      objectReference: {fileID: 0}
    - target: {fileID: 5203196590729365183, guid: 5ecd0643a3e40f341992576ceabba24f, type: 3}
      propertyPath: m_LocalPosition.y
      value: -4
      objectReference: {fileID: 0}
    - target: {fileID: 5203196590729365183, guid: 5ecd0643a3e40f341992576ceabba24f, type: 3}
      propertyPath: m_LocalPosition.z
      value: 0
      objectReference: {fileID: 0}
    - target: {fileID: 5203196590729365183, guid: 5ecd0643a3e40f341992576ceabba24f, type: 3}
      propertyPath: m_LocalRotation.w
      value: 1
      objectReference: {fileID: 0}
    - target: {fileID: 5203196590729365183, guid: 5ecd0643a3e40f341992576ceabba24f, type: 3}
      propertyPath: m_LocalRotation.x
      value: 0
      objectReference: {fileID: 0}
    - target: {fileID: 5203196590729365183, guid: 5ecd0643a3e40f341992576ceabba24f, type: 3}
      propertyPath: m_LocalRotation.y
      value: 0
      objectReference: {fileID: 0}
    - target: {fileID: 5203196590729365183, guid: 5ecd0643a3e40f341992576ceabba24f, type: 3}
      propertyPath: m_LocalRotation.z
      value: 0
      objectReference: {fileID: 0}
    - target: {fileID: 5203196590729365183, guid: 5ecd0643a3e40f341992576ceabba24f, type: 3}
      propertyPath: m_LocalEulerAnglesHint.x
      value: 0
      objectReference: {fileID: 0}
    - target: {fileID: 5203196590729365183, guid: 5ecd0643a3e40f341992576ceabba24f, type: 3}
      propertyPath: m_LocalEulerAnglesHint.y
      value: 0
      objectReference: {fileID: 0}
    - target: {fileID: 5203196590729365183, guid: 5ecd0643a3e40f341992576ceabba24f, type: 3}
      propertyPath: m_LocalEulerAnglesHint.z
      value: 0
      objectReference: {fileID: 0}
    - target: {fileID: 6512005876959124391, guid: 5ecd0643a3e40f341992576ceabba24f, type: 3}
      propertyPath: m_SortingOrder
      value: 1
      objectReference: {fileID: 0}
    - target: {fileID: 7730241644734451750, guid: 5ecd0643a3e40f341992576ceabba24f, type: 3}
      propertyPath: m_SortingOrder
      value: 1
      objectReference: {fileID: 0}
    m_RemovedComponents: []
  m_SourcePrefab: {fileID: 100100000, guid: 5ecd0643a3e40f341992576ceabba24f, type: 3}
--- !u!1001 &1595392423481237623
PrefabInstance:
  m_ObjectHideFlags: 0
  serializedVersion: 2
  m_Modification:
    m_TransformParent: {fileID: 0}
    m_Modifications:
    - target: {fileID: 1595392422354113782, guid: 64662c91de9d04a478da8acc7bbec5c7, type: 3}
      propertyPath: m_RootOrder
      value: 1
      objectReference: {fileID: 0}
    - target: {fileID: 1595392422354113782, guid: 64662c91de9d04a478da8acc7bbec5c7, type: 3}
      propertyPath: m_LocalPosition.x
      value: 4.73
      objectReference: {fileID: 0}
    - target: {fileID: 1595392422354113782, guid: 64662c91de9d04a478da8acc7bbec5c7, type: 3}
      propertyPath: m_LocalPosition.y
      value: 0.8
      objectReference: {fileID: 0}
    - target: {fileID: 1595392422354113782, guid: 64662c91de9d04a478da8acc7bbec5c7, type: 3}
      propertyPath: m_LocalPosition.z
      value: -10
      objectReference: {fileID: 0}
    - target: {fileID: 1595392422354113782, guid: 64662c91de9d04a478da8acc7bbec5c7, type: 3}
      propertyPath: m_LocalRotation.w
      value: 1
      objectReference: {fileID: 0}
    - target: {fileID: 1595392422354113782, guid: 64662c91de9d04a478da8acc7bbec5c7, type: 3}
      propertyPath: m_LocalRotation.x
      value: 0
      objectReference: {fileID: 0}
    - target: {fileID: 1595392422354113782, guid: 64662c91de9d04a478da8acc7bbec5c7, type: 3}
      propertyPath: m_LocalRotation.y
      value: 0
      objectReference: {fileID: 0}
    - target: {fileID: 1595392422354113782, guid: 64662c91de9d04a478da8acc7bbec5c7, type: 3}
      propertyPath: m_LocalRotation.z
      value: 0
      objectReference: {fileID: 0}
    - target: {fileID: 1595392422354113782, guid: 64662c91de9d04a478da8acc7bbec5c7, type: 3}
      propertyPath: m_LocalEulerAnglesHint.x
      value: 0
      objectReference: {fileID: 0}
    - target: {fileID: 1595392422354113782, guid: 64662c91de9d04a478da8acc7bbec5c7, type: 3}
      propertyPath: m_LocalEulerAnglesHint.y
      value: 0
      objectReference: {fileID: 0}
    - target: {fileID: 1595392422354113782, guid: 64662c91de9d04a478da8acc7bbec5c7, type: 3}
      propertyPath: m_LocalEulerAnglesHint.z
      value: 0
      objectReference: {fileID: 0}
    - target: {fileID: 1595392422354113783, guid: 64662c91de9d04a478da8acc7bbec5c7, type: 3}
      propertyPath: m_Name
      value: Player
      objectReference: {fileID: 0}
    - target: {fileID: 1595392424069929211, guid: 64662c91de9d04a478da8acc7bbec5c7, type: 3}
      propertyPath: m_Camera
      value: 
      objectReference: {fileID: 572899397}
    m_RemovedComponents: []
  m_SourcePrefab: {fileID: 100100000, guid: 64662c91de9d04a478da8acc7bbec5c7, type: 3}
--- !u!1001 &7771482792552969635
PrefabInstance:
  m_ObjectHideFlags: 0
  serializedVersion: 2
  m_Modification:
    m_TransformParent: {fileID: 237376514}
    m_Modifications:
    - target: {fileID: 554521956359753124, guid: 474c821e13e1ab54dbd4dfd25d2b5f66, type: 3}
      propertyPath: m_LocalPosition.y
      value: -0.5
      objectReference: {fileID: 0}
    - target: {fileID: 554521956359753127, guid: 474c821e13e1ab54dbd4dfd25d2b5f66, type: 3}
      propertyPath: m_Color.b
      value: 0.052251086
      objectReference: {fileID: 0}
    - target: {fileID: 554521956359753127, guid: 474c821e13e1ab54dbd4dfd25d2b5f66, type: 3}
      propertyPath: m_Color.g
      value: 0.21894577
      objectReference: {fileID: 0}
    - target: {fileID: 554521956359753127, guid: 474c821e13e1ab54dbd4dfd25d2b5f66, type: 3}
      propertyPath: m_Color.r
      value: 0.355
      objectReference: {fileID: 0}
    - target: {fileID: 554521957846779909, guid: 474c821e13e1ab54dbd4dfd25d2b5f66, type: 3}
      propertyPath: m_Color.b
      value: 0.052251086
      objectReference: {fileID: 0}
    - target: {fileID: 554521957846779909, guid: 474c821e13e1ab54dbd4dfd25d2b5f66, type: 3}
      propertyPath: m_Color.g
      value: 0.21894577
      objectReference: {fileID: 0}
    - target: {fileID: 554521957846779909, guid: 474c821e13e1ab54dbd4dfd25d2b5f66, type: 3}
      propertyPath: m_Color.r
      value: 0.355
      objectReference: {fileID: 0}
    - target: {fileID: 554521957846779910, guid: 474c821e13e1ab54dbd4dfd25d2b5f66, type: 3}
      propertyPath: m_LocalPosition.y
      value: 0
      objectReference: {fileID: 0}
    - target: {fileID: 7771482791663957238, guid: 474c821e13e1ab54dbd4dfd25d2b5f66, type: 3}
      propertyPath: m_RootOrder
      value: 2
      objectReference: {fileID: 0}
    - target: {fileID: 7771482791663957238, guid: 474c821e13e1ab54dbd4dfd25d2b5f66, type: 3}
      propertyPath: m_LocalPosition.x
      value: 5.5
      objectReference: {fileID: 0}
    - target: {fileID: 7771482791663957238, guid: 474c821e13e1ab54dbd4dfd25d2b5f66, type: 3}
      propertyPath: m_LocalPosition.y
      value: 0
      objectReference: {fileID: 0}
    - target: {fileID: 7771482791663957238, guid: 474c821e13e1ab54dbd4dfd25d2b5f66, type: 3}
      propertyPath: m_LocalPosition.z
      value: 0
      objectReference: {fileID: 0}
    - target: {fileID: 7771482791663957238, guid: 474c821e13e1ab54dbd4dfd25d2b5f66, type: 3}
      propertyPath: m_LocalRotation.w
      value: 1
      objectReference: {fileID: 0}
    - target: {fileID: 7771482791663957238, guid: 474c821e13e1ab54dbd4dfd25d2b5f66, type: 3}
      propertyPath: m_LocalRotation.x
      value: -0
      objectReference: {fileID: 0}
    - target: {fileID: 7771482791663957238, guid: 474c821e13e1ab54dbd4dfd25d2b5f66, type: 3}
      propertyPath: m_LocalRotation.y
      value: -0
      objectReference: {fileID: 0}
    - target: {fileID: 7771482791663957238, guid: 474c821e13e1ab54dbd4dfd25d2b5f66, type: 3}
      propertyPath: m_LocalRotation.z
      value: -0
      objectReference: {fileID: 0}
    - target: {fileID: 7771482791663957238, guid: 474c821e13e1ab54dbd4dfd25d2b5f66, type: 3}
      propertyPath: m_LocalEulerAnglesHint.x
      value: 0
      objectReference: {fileID: 0}
    - target: {fileID: 7771482791663957238, guid: 474c821e13e1ab54dbd4dfd25d2b5f66, type: 3}
      propertyPath: m_LocalEulerAnglesHint.y
      value: 0
      objectReference: {fileID: 0}
    - target: {fileID: 7771482791663957238, guid: 474c821e13e1ab54dbd4dfd25d2b5f66, type: 3}
      propertyPath: m_LocalEulerAnglesHint.z
      value: 0
      objectReference: {fileID: 0}
    - target: {fileID: 7771482791663957239, guid: 474c821e13e1ab54dbd4dfd25d2b5f66, type: 3}
      propertyPath: m_Name
      value: Stable
      objectReference: {fileID: 0}
    m_RemovedComponents: []
  m_SourcePrefab: {fileID: 100100000, guid: 474c821e13e1ab54dbd4dfd25d2b5f66, type: 3}
--- !u!1001 &7812571783418055110
PrefabInstance:
  m_ObjectHideFlags: 0
  serializedVersion: 2
  m_Modification:
    m_TransformParent: {fileID: 237376514}
    m_Modifications:
    - target: {fileID: 7812571783657054217, guid: f9d0d583e6ac6664b98bbb55094ef7ce, type: 3}
      propertyPath: m_Name
      value: Ground
      objectReference: {fileID: 0}
    - target: {fileID: 7812571783657054228, guid: f9d0d583e6ac6664b98bbb55094ef7ce, type: 3}
      propertyPath: m_RootOrder
      value: 0
      objectReference: {fileID: 0}
    - target: {fileID: 7812571783657054228, guid: f9d0d583e6ac6664b98bbb55094ef7ce, type: 3}
      propertyPath: m_LocalScale.x
      value: 5
      objectReference: {fileID: 0}
    - target: {fileID: 7812571783657054228, guid: f9d0d583e6ac6664b98bbb55094ef7ce, type: 3}
      propertyPath: m_LocalPosition.x
      value: 5.5
      objectReference: {fileID: 0}
    - target: {fileID: 7812571783657054228, guid: f9d0d583e6ac6664b98bbb55094ef7ce, type: 3}
      propertyPath: m_LocalPosition.y
      value: -1.5
      objectReference: {fileID: 0}
    - target: {fileID: 7812571783657054228, guid: f9d0d583e6ac6664b98bbb55094ef7ce, type: 3}
      propertyPath: m_LocalPosition.z
      value: 0
      objectReference: {fileID: 0}
    - target: {fileID: 7812571783657054228, guid: f9d0d583e6ac6664b98bbb55094ef7ce, type: 3}
      propertyPath: m_LocalRotation.w
      value: 1
      objectReference: {fileID: 0}
    - target: {fileID: 7812571783657054228, guid: f9d0d583e6ac6664b98bbb55094ef7ce, type: 3}
      propertyPath: m_LocalRotation.x
      value: -0
      objectReference: {fileID: 0}
    - target: {fileID: 7812571783657054228, guid: f9d0d583e6ac6664b98bbb55094ef7ce, type: 3}
      propertyPath: m_LocalRotation.y
      value: -0
      objectReference: {fileID: 0}
    - target: {fileID: 7812571783657054228, guid: f9d0d583e6ac6664b98bbb55094ef7ce, type: 3}
      propertyPath: m_LocalRotation.z
      value: -0
      objectReference: {fileID: 0}
    - target: {fileID: 7812571783657054228, guid: f9d0d583e6ac6664b98bbb55094ef7ce, type: 3}
      propertyPath: m_LocalEulerAnglesHint.x
      value: 0
      objectReference: {fileID: 0}
    - target: {fileID: 7812571783657054228, guid: f9d0d583e6ac6664b98bbb55094ef7ce, type: 3}
      propertyPath: m_LocalEulerAnglesHint.y
      value: 0
      objectReference: {fileID: 0}
    - target: {fileID: 7812571783657054228, guid: f9d0d583e6ac6664b98bbb55094ef7ce, type: 3}
      propertyPath: m_LocalEulerAnglesHint.z
      value: 0
      objectReference: {fileID: 0}
    m_RemovedComponents: []
  m_SourcePrefab: {fileID: 100100000, guid: f9d0d583e6ac6664b98bbb55094ef7ce, type: 3}
